@article{calonico2014robust,
  title={Robust Nonparametric Confidence Intervals for Regression-Discontinuity Designs},
  author={Calonico, Sebastian and Cattaneo, Matias D and Titiunik, Rocio},
  journal={Econometrica},
  volume={82},
  number={6},
  pages={2295--2326},
  year={2014},
  publisher={Wiley Online Library}
}

@article{bickel1981some,
	title={Some asymptotic theory for the bootstrap},
	author={Bickel, Peter J and Freedman, David A},
	journal={The Annals of Statistics},
	pages={1196--1217},
	year={1981},
	publisher={JSTOR}
}

@article{freedman1981bootstrapping,
	title={Bootstrapping regression models},
	author={Freedman, David A and others},
	journal={The Annals of Statistics},
	volume={9},
	number={6},
	pages={1218--1228},
	year={1981},
	publisher={Institute of Mathematical Statistics}
}

@article{hahn2001identification,
	title={Identification and estimation of treatment effects with a regression-discontinuity design},
	author={Hahn, Jinyong and Todd, Petra and Van der Klaauw, Wilbert},
	journal={Econometrica},
	volume={69},
	number={1},
	pages={201--209},
	year={2001},
	publisher={Wiley Online Library}
}

@article{imbens1994identification,
	title={Identification and Estimation of Local Average Treatment Effects},
	author={Imbens, Guido W and Angrist, Joshua D},
	journal={Econometrica},
	volume={62},
	number={2},
	pages={467--475},
	year={1994},
	publisher={Citeseer}
}

@article{porter2003estimation,
	title={Estimation in the regression discontinuity model},
	author={Porter, Jack},
	journal={Unpublished Manuscript, Department of Economics, University of Wisconsin at Madison},
	pages={5--19},
	year={2003},
	publisher={Citeseer}
}

@book{fan1996local,
	title={Local polynomial modelling and its applications: monographs on statistics and applied probability 66},
	author={Fan, Jianqing and Gijbels, Irene},
	volume={66},
	year={1996},
	publisher={CRC Press}
}

@article{gelman2014high,
	title={Why high-order polynomials should not be used in regression discontinuity designs},
	author={Gelman, Andrew and Imbens, Guido},
	year={2014},
	institution={National Bureau of Economic Research}
}

@article{imbens2011optimal,
	title={Optimal bandwidth choice for the regression discontinuity estimator},
	author={Imbens, Guido and Kalyanaraman, Karthik},
	journal={The Review of Economic Studies},
	pages={rdr043},
	year={2011},
	publisher={Oxford University Press}
}

@article{marmer2011weak,
	title={Weak identification in fuzzy regression discontinuity designs},
	author={Marmer, Vadim and Feir, Donna and Lemieux, Thomas},
	journal={Social Science Research Network},
	pages={2000--2006},
	year={2011}
}

@incollection{mackinnon2013thirty,
	title={Thirty years of heteroskedasticity-robust inference},
	author={MacKinnon, James G},
	booktitle={Recent advances and future directions in causality, prediction, and specification analysis},
	pages={437--461},
	year={2013},
	publisher={Springer}
}

@article{thistlethwaite1960regression,
	title={Regression-discontinuity analysis: An alternative to the ex post facto experiment.},
	author={Thistlethwaite, Donald L and Campbell, Donald T},
	journal={Journal of Educational psychology},
	volume={51},
	number={6},
	pages={309},
	year={1960},
	publisher={American Psychological Association}
}

@article{lee2010regression,
	title={Regression discontinuity designs in economics},
	author={Lee, David S and Lemieuxa, Thomas},
	journal={Journal of economic literature},
	volume={48},
	number={2},
	pages={281--355},
	year={2010},
	publisher={American Economic Association}
}

@article{trochim1980relative,
	title={The relative assignment variable approach to selection bias in pretest-posttest group designs},
	author={Trochim, W and Spiegelman, C},
	journal={Proceedings of the Survey Research Section},
	pages={376--80},
	year={1980}
}

@book{trochim1984research,
	title={Research design for program evaluation: The regression-discontinuity approach},
	author={Trochim, William MK},
	volume={6},
	year={1984},
	publisher={SAGE Publications, Inc}
}

@article{hahn2001identification,
	title={Identification and estimation of treatment effects with a regression-discontinuity design},
	author={Hahn, Jinyong and Todd, Petra and Van der Klaauw, Wilbert},
	journal={Econometrica},
	volume={69},
	number={1},
	pages={201--209},
	year={2001},
	publisher={Wiley Online Library}
}

@article{imbens1994identification,
	title={Identification and estimation of local average treatment effects},
	author={Imbens, Guido W and Angrist, Joshua D},
	journal={Econometrica},
	volume={62},
	number={2},
	pages={467--475},
	year={1994},
	publisher={JSTOR}
}

@article{fan1992design,
	title={Design-adaptive nonparametric regression},
	author={Fan, Jianqing},
	journal={Journal of the American statistical Association},
	volume={87},
	number={420},
	pages={998--1004},
	year={1992},
	publisher={Taylor \& Francis Group}
}

@article{hall1988bootstrap,
	title={On bootstrap resampling and iteration},
	author={Hall, Peter and Martin, Michael A},
	journal={Biometrika},
	volume={75},
	number={4},
	pages={661--671},
	year={1988},
	publisher={Biometrika Trust}
}

@article{angrist1999using,
	title={Using Maimonides' Rule to Estimate the Effect of Class Size on Scholastic Achievement},
	author={Angrist, Joshua D and Lavy, Victor},
	journal={The Quarterly Journal of Economics},
	volume={114},
	number={2},
	pages={533--575},
	year={1999}
}

@article{calonico2016regression,
	title={Regression Discontinuity Designs Using Covariates},
	author={Calonico, Sebastian and Cattaneo, Matias D and Farrell, Max H and Titiunik, Roc{\i}o},
	year={2016},
	institution={working paper, University of Michigan}
}

@techreport{ludwig2005does,
	title={Does Head Start improve children's life chances? Evidence from a regression discontinuity design},
	author={Ludwig, Jens and Miller, Douglas L},
	year={2005},
	institution={National Bureau of Economic Research}
}

@article{mackinnon1985some,
	title={Some heteroskedasticity-consistent covariance matrix estimators with improved finite sample properties},
	author={MacKinnon, James G and White, Halbert},
	journal={Journal of econometrics},
	volume={29},
	number={3},
	pages={305--325},
	year={1985},
	publisher={Elsevier}
}

@article{davidson2008wild,
	title={The wild bootstrap, tamed at last},
	author={Davidson, Russell and Flachaire, Emmanuel},
	journal={Journal of Econometrics},
	volume={146},
	number={1},
	pages={162--169},
	year={2008},
	publisher={Elsevier}
}

@article{davidson2014bootstrap,
	title={Bootstrap confidence sets with weak instruments},
	author={Davidson, Russell and MacKinnon, James G},
	journal={Econometric Reviews},
	volume={33},
	number={5-6},
	pages={651--675},
	year={2014},
	publisher={Taylor \& Francis}
}

@article{cameron2008bootstrap,
	title={Bootstrap-based improvements for inference with clustered errors},
	author={Cameron, A Colin and Gelbach, Jonah B and Miller, Douglas L},
	journal={The Review of Economics and Statistics},
	volume={90},
	number={3},
	pages={414--427},
	year={2008},
	publisher={MIT Press}
}

@article{feir2016weak,
	title={Weak identification in fuzzy regression discontinuity designs},
	author={Feir, Donna and Lemieux, Thomas and Marmer, Vadim},
	journal={Journal of Business \& Economic Statistics},
	volume={34},
	number={2},
	pages={185--196},
	year={2016},
	publisher={Taylor \& Francis}
}

@article{lee2008randomized,
	title={Randomized experiments from non-random selection in US House elections},
	author={Lee, David S},
	journal={Journal of Econometrics},
	volume={142},
	number={2},
	pages={675--697},
	year={2008},
	publisher={Elsevier}
}

@article{mammen1993bootstrap,
	title={Bootstrap and wild bootstrap for high dimensional linear models},
	author={Mammen, Enno},
	journal={The Annals of Statistics},
	pages={255--285},
	year={1993},
	publisher={JSTOR}
}

@article{flachaire2005bootstrapping,
	title={Bootstrapping heteroskedastic regression models: wild bootstrap vs. pairs bootstrap},
	author={Flachaire, Emmanuel},
	journal={Computational Statistics \& Data Analysis},
	volume={49},
	number={2},
	pages={361--376},
	year={2005},
	publisher={Elsevier}
}

@article{davidson2008wild,
	title={The wild bootstrap, tamed at last},
	author={Davidson, Russell and Flachaire, Emmanuel},
	journal={Journal of Econometrics},
	volume={146},
	number={1},
	pages={162--169},
	year={2008},
	publisher={Elsevier}
}

@article{cameron2015practitioner,
	title={A practitioner’s guide to cluster-robust inference},
	author={Cameron, A Colin and Miller, Douglas L},
	journal={Journal of Human Resources},
	volume={50},
	number={2},
	pages={317--372},
	year={2015},
	publisher={University of Wisconsin Press}
}

@article{wooldridge2003cluster,
	title={Cluster-sample methods in applied econometrics},
	author={Wooldridge, Jeffrey M},
	journal={The American Economic Review},
	volume={93},
	number={2},
	pages={133--138},
	year={2003},
	publisher={JSTOR}
}

@article{cameron2012robust,
	title={Robust inference with multiway clustering},
	author={Cameron, A Colin and Gelbach, Jonah B and Miller, Douglas L},
	journal={Journal of Business \& Economic Statistics},
	year={2012},
	publisher={Taylor \& Francis}
}

@article{liang1986longitudinal,
	title={Longitudinal data analysis using generalized linear models},
	author={Liang, Kung-Yee and Zeger, Scott L},
	journal={Biometrika},
	volume={73},
	number={1},
	pages={13--22},
	year={1986},
	publisher={Biometrika Trust}
}

@article{arellano1987practitioners,
	title={PRACTITIONERS’CORNER: Computing Robust Standard Errors for Within-groups Estimators},
	author={Arellano, Manuel},
	journal={Oxford bulletin of Economics and Statistics},
	volume={49},
	number={4},
	pages={431--434},
	year={1987},
	publisher={Wiley Online Library}
}

@article{wang2003marginal,
	title={Marginal nonparametric kernel regression accounting for within-subject correlation},
	author={Wang, Naisyin},
	journal={Biometrika},
	volume={90},
	number={1},
	pages={43--52},
	year={2003},
	publisher={Biometrika Trust}
}

@article{chen2008design,
	title={Design-adaptive minimax local linear regression for longitudinal/clustered data},
	author={Chen, Kani and Fan, Jianqing and Jin, Zhezhen},
	journal={Statistica Sinica},
	pages={515--534},
	year={2008},
	publisher={JSTOR}
}

@article{chen2005local,
	title={Local polynomial regression analysis of clustered data},
	author={Chen, Kani and Jin, Zhezhen},
	journal={Biometrika},
	volume={92},
	number={1},
	pages={59--74},
	year={2005},
	publisher={Biometrika Trust}
}

@article{bartalotti2016regression,
	title={Regression Discontinuity Designs with Clustered Data: Mean Square Error and Bandwidth Choice},
	author={Bartalotti, O and Brummet, Q},
	journal={Regression Discontinuity Designs: Theory and Applications (Advances in Econometrics, volume 38)},
	year={2016}
}

@article{lee2008regression,
	title={Regression discontinuity inference with specification error},
	author={Lee, David S and Card, David},
	journal={Journal of Econometrics},
	volume={142},
	number={2},
	pages={655--674},
	year={2008},
	publisher={Elsevier}
}

@article{cameron2008bootstrap,
	title={Bootstrap-based improvements for inference with clustered errors},
	author={Cameron, A Colin and Gelbach, Jonah B and Miller, Douglas L},
	journal={The Review of Economics and Statistics},
	volume={90},
	number={3},
	pages={414--427},
	year={2008},
	publisher={MIT Press}
}

@article{brownstone2001bootstrap,
	title={The bootstrap and multiple imputations: harnessing increased computing power for improved statistical tests},
	author={Brownstone, David and Valletta, Robert},
	journal={The Journal of Economic Perspectives},
	volume={15},
	number={4},
	pages={129--141},
	year={2001},
	publisher={JSTOR}
}

@article{imbens2008regression,
	title={Regression discontinuity designs: A guide to practice},
	author={Imbens, Guido W and Lemieux, Thomas},
	journal={Journal of econometrics},
	volume={142},
	number={2},
	pages={615--635},
	year={2008},
	publisher={Elsevier}
}

@article{bartalotti2016bootstrap,
	title={Bootstrap Confidence Intervals for Sharp Regression Discontinuity Designs with the Uniform Kernel},
	author={Bartalotti, Ot{\'a}vio and Calhoun, Gray and He, Yang},
	journal={Advances in Econometrics},
	volume={38},
	year={2016}
}